@misc
{ref,
title={wikipedia},
month={avril},
year={2015},
note={fr.wikipedia.org/wiki/GeoJSON}
}

@misc
{ref_canal_tp,
title={Canal tp},
month={mai},
year={2016},
note={www.canaltp.fr}
}

@misc
{ref_agile,
title={senaweb},
month={juillet},
year={2016},
note={http://www.semaweb.fr}
}

@manual
{ref_cercle_sphere,
title={Elements de géodésie mathématiques},
year={2007-2008},
author={Marianne Greff}
}
